<?xml version="1.0" encoding="UTF-8"?><record xmlns="http://www.loc.gov/MARC21/slim" xmlns:cinclude="http://apache.org/cocoon/include/1.0" xmlns:zs="http://www.loc.gov/zing/srw/">
  <leader>01067cz  a2200205n  4500</leader>
  <controlfield tag="001">n 2002099600</controlfield>
  <controlfield tag="003">DLC</controlfield>
  <controlfield tag="005">20110613093723.0</controlfield>
  <controlfield tag="008">020409n| acannaabn          |a ana      </controlfield>
  <datafield tag="010" ind1=" " ind2=" ">
    <subfield code="a">n 2002099600</subfield>
  </datafield>
  <datafield tag="035" ind1=" " ind2=" ">
    <subfield code="a">(OCoLC)oca05734258</subfield>
  </datafield>
  <datafield tag="040" ind1=" " ind2=" ">
    <subfield code="a">DLC</subfield>
    <subfield code="b">eng</subfield>
    <subfield code="c">DLC</subfield>
    <subfield code="d">NcD-L</subfield>
  </datafield>
  <datafield tag="110" ind1="2" ind2=" ">
    <subfield code="a">Universität Osnabrück.</subfield>
    <subfield code="b">Institut für Europarecht</subfield>
  </datafield>
  <datafield tag="410" ind1="2" ind2=" ">
    <subfield code="a">Institut für Europarecht (Universität Osnabrück)</subfield>
  </datafield>
  <datafield tag="410" ind1="2" ind2=" ">
    <subfield code="a">Universität Osnabrück.</subfield>
    <subfield code="b">Fachbereich Rechtswissenschaften</subfield>
    <subfield code="b">Institut für Europarecht</subfield>
  </datafield>
  <datafield tag="410" ind1="2" ind2=" ">
    <subfield code="a">Universität Osnabrück.</subfield>
    <subfield code="b">Instititue for European Law</subfield>
  </datafield>
  <datafield tag="510" ind1="2" ind2=" ">
    <subfield code="w">b</subfield>
    <subfield code="a">Universität Osnabrück.</subfield>
    <subfield code="b">European Legal Studies Institute</subfield>
  </datafield>
  <datafield tag="670" ind1=" " ind2=" ">
    <subfield code="a">Instrumente des Umweltschutzes im Wirkungsverbund, 2001:</subfield>
    <subfield code="b">(Institut für Europarecht ... der Universität Osnabrück)</subfield>
  </datafield>
  <datafield tag="670" ind1=" " ind2=" ">
    <subfield code="a">European Legal Studies Institute WWW site, Jun. 10, 2011</subfield>
    <subfield code="b">English language home page (Universität Osnabrück. Fachbereich Rechtswissenschaften; Institute for European Law; succeeded by European Legal Studies Insitute)</subfield>
  </datafield>
  <datafield tag="675" ind1=" " ind2=" ">
    <subfield code="a">European private law, 2011.</subfield>
  </datafield>
</record>